@article{LSP82,
    author = {Lamport, Leslie and Shostak, Robert and Pease, Marshall},
    title = {The Byzantine Generals Problem},
    year = {1982},
    volume = {4},
    number = {3},
    journal = {ACM Transactions on Programming Languages and Systems},
    pages = {382--401},
    doi = {10.1145/357172.357176}
}

@inproceedings{BGP89,  
    author={Berman, Piotr and Garay, Juan and Perry, Kenneth},  
    booktitle={Proceedings of the 30th Annual Symposium on Foundations of Computer Science},
    title={Towards optimal distributed consensus},   
    year={1989},
    pages={410--415},  
    doi={10.1109/SFCS.1989.63511}
}

@inproceedings{BG89,
    author = {Berman, Piotr and Garay, Juan},
    title = {Asymptotically Optimal Distributed Consensus (Extended Abstract)},
    year = {1989},
    publisher = {Springer-Verlag},
    booktitle = {Proceedings of the 16th International Colloquium on Automata, Languages and Programming},
    pages = {80--94},
    doi={10.5555/646243.681443}
}

@inproceedings{Ben83,
    author = {Ben-Or, Michael},
    title = {Another Advantage of Free Choice (Extended Abstract): Completely Asynchronous Agreement Protocols},
    year = {1983},
    publisher = {Association for Computing Machinery},
    booktitle = {Proceedings of the Second Annual ACM Symposium on Principles of Distributed Computing},
    pages = {27--30},
    doi={10.1145/800221.806707}
}

@book{KS08,
    author = {Kshemkalyani, Ajay and Singhal, Mukesh},
    title = {Distributed Computing: Principles, Algorithms, and Systems},
    year = {2008},
    publisher = {Cambridge University Press}
}

@article{FLP85,
    author = {Fischer, Michael and Lynch, Nancy and Paterson, Michael},
    title = {Impossibility of Distributed Consensus with One Faulty Process},
    year = {1985},
    volume = {32},
    number = {2},
    journal = {Journal of the ACM},
    pages = {374--382},
    doi = {10.1145/3149.214121}
}

@article{FL82,
    title={A Lower Bound for the Time to Assure Interactive Consistency},
    author={Fischer, Michael and Lynch, Nancy},
    journal={Information Processing Letters},
    year={1982},
    volume={14},
    number={4},
    pages={183--186},
    doi = {10.1016/0020-0190(82)90033-3}
}
@inproceedings{TPS85,
    author = {Toueg, Sam and Perry, Kenneth and Srikanth, T. K.},
    title = {Fast Distributed Agreement (Preliminary Version)},
    year = {1985},
    publisher = {Association for Computing Machinery},
    booktitle = {Proceedings of the Fourth Annual ACM Symposium on Principles of Distributed Computing},
    pages = {87--101},
    doi = {10.1145/323596.323604}
}

@article{DFFLS82,
    title = {An efficient algorithm for byzantine agreement without authentication},
    journal = {Information and Control},
    volume = {52},
    number = {3},
    pages = {257--274},
    year = {1982},
    author = {Dolev, Danny and Fischer, Michael and Fowler, Rob and Lynch, Nancy and Strong, H. Raymond},
    doi = {10.1016/S0019-9958(82)90776-8}
}

@inproceedings{Coa86,
    author = {Coan, Brian},
    title = {A Communication-Efficient Canonical Form for Fault-Tolerant Distributed Protocols},
    year = {1986},
    publisher = {Association for Computing Machinery},
    booktitle = {Proceedings of the Fifth Annual ACM Symposium on Principles of Distributed Computing},
    pages = {63--72},
    doi = {10.1145/10590.10596}
}

@article{Coa93,
    author = {Coan, Brian},
    year = {1993},
    pages = {87--98},
    title = {Efficient Agreement Using Fault Diagnosis},
    volume = {7},
    journal = {Distributed Computing},
    doi = {10.1007/BF02280838}
}

@article{BD91,
    author = {Bar-Noy, Amotz and Dolev, Danny},
    year = {1991},
    pages = {105--110},
    title = {Consensus Algorithms with One-Bit Messages},
    volume = {4},
    journal = {Distributed Computing},
    doi = {10.1007/BF01798957}
}

@article{DRS90,
    author = {Dolev, Danny and Reischuk, R\"udiger and Strong, H. Raymond},
    year = {1990},
    pages = {720--741},
    title = {Early Stopping in Byzantine Agreement},
    volume = {37},
    journal = {Journal of the ACM},
    doi = {10.1145/96559.96565}
}

@inproceedings{BDDS87,
    author = {Bar-Noy, Amotz and Dolev, Danny and Dwork, Cynthia and Strong, H. Raymond},
    title = {Shifting Gears: Changing Algorithms on the Fly to Expedite Byzantine Agreement},
    year = {1987},
    publisher = {Association for Computing Machinery},
    booktitle = {Proceedings of the Sixth Annual ACM Symposium on Principles of Distributed Computing},
    pages = {42--51},
    doi = {10.1145/41840.41844}
}

@inproceedings{MW88,
    author={Moses, Yoram and Waarts, Orli},
    booktitle={Proceedings of the 29th Annual Symposium on Foundations of Computer Science}, 
    title={Coordinated traversal: $(t+1)$-round Byzantine agreement in polynomial time}, 
    year={1988},
    pages={246--255},
    doi={10.1109/SFCS.1988.21941}
}

@article{CW92,
    author = {Coan, Brian and Welch, Jennifer},
    year = {1992},
    pages = {61--85},
    title = {Modular Construction of a Byzantine Agreement Protocol with Optimal Message Bit Complexity},
    volume = {97},
    journal = {Information \& Computation},
    doi = {10.1016/0890-5401(92)90004-Y}
}

@inproceedings{BG91,
    author = {Berman, Piotr and Garay, Juan},
    year = {1991},
    pages = {129--142},
    title = {Efficient Distributed Consensus with $n = (3 + \epsilon) t$ Processors (Extended Abstract)},
    booktitle = {Distributed Algorithms - 5th International Workshop Proceedings},
    doi = {10.1007/BFb0022442}
}

@article{GM98,
    author = {Garay, Juan and Moses, Yoram},
    title = {Fully Polynomial Byzantine Agreement for $n>3t$ Processors in $t + 1$ Rounds},
    journal = {SIAM Journal on Computing},
    volume = {27},
    number = {1},
    pages = {247--290},
    year = {1998},
    doi = {10.1137/S0097539794265232}
}

@online{Tur+22,
    author = {Turowski, Krzysztof and others},
    title = {Distributed Framework},
    year = {2022},
    url = {https://github.com/krzysztof-turowski/distributed-framework},
    urldate = {2022-06}
}

@online{Pac22c,
    author = {Pach, Mateusz},
    title = {Add phase king protocol},
    year = {2022},
    url = {https://github.com/krzysztof-turowski/distributed-framework/pull/13},
    urldate = {2022-06}
}

@online{Pac22d,
    author = {Pach, Mateusz},
    title = {Add single-bit message protocol},
    year = {2022},
    url = {https://github.com/krzysztof-turowski/distributed-framework/pull/20},
    urldate = {2022-06}
}

@online{Pac22b,
    author = {Pach, Mateusz},
    title = {Add optimal faulty behaviors for consensus protocols},
    year = {2022},
    url = {https://github.com/krzysztof-turowski/distributed-framework/pull/21},
    urldate = {2022-06}
}

@online{Pac22a,
    author = {Pach, Mateusz},
    title = {Add Distributed Consensus Protocols thesis},
    year = {2022},
    url = {https://github.com/krzysztof-turowski/distributed-framework/pull/22},
    urldate = {2022-06}
}

@book{DK15,
    author = {Donovan, Alan and Kernighan, Brian},
    title = {The Go Programming Language},
    year = {2015},
    publisher = {Addison-Wesley Professional}
}

@book{L96,
    author = {Lynch, Nancy},
    title = {Distributed Algorithms},
    year = {1996},
    publisher = {Morgan Kaufmann Publishers Inc.}
}
