@article{Casteigts2016DeterministicLE,
  title={Deterministic Leader Election in \({\bigO}({D} + \log n)\) Time with Messages of Size \({\bigO}(1)\)},
  author={Arnaud Casteigts and Yves M{\'e}tivier and John Michael Robson and Akka Zemmari},
  journal={arXiv: Distributed, Parallel, and Cluster Computing},
  year={2016},
  url={https://api.semanticscholar.org/CorpusID:4787415}
}
